% Encoding: UTF-8

@Article{sullivan:2013,
  author  = {Amanda L. Sullivan and Samuel Field},
  doi     = {10.1016/j.jsp.2012.12.004},
  journal = {Journal of School Psychology},
  number  = {2},
  pages   = {243--260},
  title   = {Do preschool special education services make a difference in kindergarten reading and mathematics skills?: A propensity score weighting analysis},
  volume  = {51},
  year    = {2013},
}

@Article{hanandita:2014,
  author  = {Wulung Hanandita and Gindo Tampubolon},
  doi     = {10.1016/j.socscimed.2014.05.005},
  journal = {Social Science \& Medicine},
  pages   = {59--67},
  title   = {Does poverty reduce mental health? {An} instrumental variable analysis},
  volume  = {113},
  year    = {2014},
}

@Article{white:2013,
  author  = {Mathew P. White and Ian Alcock and Benedict W. Wheeler and Michael H. Depledge},
  doi     = {10.1177/0956797612464659},
  journal = {Psychological Science},
  number  = {6},
  pages   = {920--928},
  title   = {Would you be happier living in a greener urban area? {A} fixed-effects analysis of panel data},
  volume  = {24},
  year    = {2013},
}

@Comment{jabref-meta: databaseType:bibtex;}
